2866 5070
48 518 166 555 mss
183 517 278 553 nomen
293 499 345 553 illis
362 499 489 553 indidisse
505 501 640 556 stellarum
649 502 909 585 susdatnmtsls‘um.
950 507 1025 570 Quae
1042 527 1119 578 quum
1136 512 1186 565 bec
1204 512 1237 565 de

46 614 159 662 mussa,
183 604 239 650 tun
255 596 425 666 perlongum
441 597 565 667 temporis
584 599 709 667 spatium,
739 602 808 670 quod
833 602 907 673 ipsae
928 601 1091 674 Mostene&
1111 607 1236 660 observa-

45 695 134 747 tiones
150 692 372 764 complectuntur,
394 699 448 745 tum
472 692 556 745 serius
574 695 608 746 ab
631 695 689 748 eliis
706 697 869 750 Astrmwmis
894 700 1103 768 frequentissime
1120 701 1173 755 sint
1189 705 1237 756 ob-

47 796 185 855 servstse,
208 805 274 859 pree
300 788 397 842 ceteris
419 789 502 843 stellis
526 798 676 844 accuratam
700 792 872 863 subtilemque
894 794 1047 850 desiderent
1072 802 1100 850 et
1121 795 1187 850 situs
1210 806 1238 851 et

47 882 401 941 noturs‘determiuetionem.

117 984 217 1037 Harum
240 981 377 1035 stellmnm
400 980 462 1034 locs'
481 981 597 1035 relsts'sa
613 983 675 1036 iude
692 1000 709 1037 e
725 980 851 1055 Bradlp's'
873 988 1031 1058 temporibus
1050 988 1074 1041 si
1090 994 1143 1043 tem
1160 1007 1237 1043 accu-

50 1088 107 1135 rete
122 1080 233 1133 definite
250 1095 311 1131 esse
329 1077 507 1146 supponimus,
524 1095 600 1147 quum
618 1080 678 1133 fieri
695 1080 781 1151 potuit
799 1083 1025 1137 observationibus
1043 1101 1091 1154 per
1108 1083 1157 1138 boc
1170 1078 1236 1138 tem-

48 1177 120 1248 por'm
135 1173 458 1237 intervallum-institutis,
486 1174 541 1240 juni
559 1190 646 1228 ornnes
664 1176 856 1230 Adscensiones
878 1186 965 1232 rectas
990 1186 1018 1231 et
1034 1178 1236 1245 Declinetioues,

49 1291 116 1344 quae
132 1272 321 1327 determinatae
340 1270 394 1323 sint
410 1271 605 1340 comparatione
622 1272 696 1325 fecte
712 1290 770 1326 cum
786 1273 853 1339 illis,
879 1275 953 1344 quusi
976 1276 1051 1328 unico
1069 1276 1236 1330 fundamento

48 1370 94 1424 niti
111 1376 229 1423 statuere
246 1384 396 1438 possumus,
421 1374 589 1436 nostramque
605 1374 719 1422 motuum
743 1386 880 1440 corporum
898 1370 1047 1425 coelestium
1063 1373 1237 1442 cognitionem

48 1465 199 1535 sugemus
215 1469 246 1517 et
261 1463 488 1527 eornrnebimos,
511 1462 536 1515 si
553 1463 636 1517 omnis
653 1469 743 1518 nostra
759 1483 843 1536 eaque
858 1466 993 1521 indefessa
1010 1485 1073 1521 cura
1090 1468 1238 1523 versabitur

46 1561 72 1615 in
88 1563 156 1627 boc,
179 1560 292 1614 utillud
308 1558 411 1612 unicum
428 1560 637 1625 tundamentum,
662 1560 680 1612 i.
699 1579 722 1614 e.
740 1561 879 1615 absolutas
895 1563 1086 1618 Adscensiones
1104 1571 1192 1619 reotss
1210 1572 1238 1618 et

47 1657 243 1711 lledinstims
265 1657 366 1709 illarum
388 1654 586 1720 assensurum,
609 1656 715 1709 indies
738 1659 886 1711 accuratius
908 1677 1105 1726 cognoscemus.
1145 1662 1238 1731 Longe

48 1753 209 1824 experientie
226 1752 357 1822 mihiipsi
379 1748 546 1822 Mantelyns's'
568 1752 733 1806 confirmavit
755 1753 917 1822 opinionem,
942 1771 1074 1808 numerum
1097 1756 1238 1824 stellarum,

49 1867 112 1920 qus
129 1850 255 1913 dicimus,
279 1849 403 1903 sufficere
420 1848 449 1900 in
465 1849 571 1918 specula
587 1849 656 1901 bene
672 1848 814 1913 instructa,
840 1856 870 1902 ut
887 1849 1114 1904 observationibus
1131 1869 1181 1922 ope
1197 1852 1238 1905 in·

47 1953 250 2000 strumentorum
266 1942 464 1998 meridianorum
481 1944 609 1998 institutis
632 1944 807 1999 necessariam
829 1961 931 2015 semper
953 1944 1055 2014 copiam
1076 1955 1238 2017 punctorum,

49 2045 201 2114 pn'bnscum
217 2042 277 2095 illee
293 2041 438 2112 comparari
460 2041 576 2110 possint,
602 2039 694 2109 largiri
715 2043 852 2112 possimus.
903 2040 958 2093 Sed
981 2040 1042 2110 quie
1064 2041 1184 2097 necesse'
1196 2051 1239 2097 est

49 2140 81 2195 ed
96 2139 176 2193 situm
192 2137 358 2191 instrumenti
375 2136 585 2201 recfificcndum
601 2135 636 2190 86
652 2137 708 2191 illes
727 2138 817 2191 stellas
835 2155 891 2191 cum
908 2136 991 2191 stellia
1008 2139 1069 2209 polo
1086 2141 1237 2211 propinquis

48 2237 221 2305 conjungere,
242 2234 270 2287 in
288 2233 394 2304 specula
411 2233 605 2287 Grenovicensi
626 2251 643 2287 a
668 2230 794 2301 Brontes·
817 2233 975 2303 temporibus
994 2234 1133 2288 continuae
1150 2237 1237 2291 leone

48 2340 109 2387 seut
125 2331 324 2385 observationes
343 2329 415 2384 circa
432 2330 534 2383 stellam
551 2349 569 2382 n
588 2330 674 2382 Ursne
692 2329 811 2393 minoris,
829 2315 995 2398 ejusdemque
1013 2332 1135 2399 speculae
1149 2348 1237 2386 exem·

48 2430 116 2501 plum
132 2429 199 2482 eliae
216 2427 338 2498 speculae
356 2435 463 2480 secutae
480 2434 549 2479 sunt
584 2427 725 2495 Postquam
738 2425 844 2495 specule
858 2424 1068 2494 Regiomontnne
1085 2446 1153 2481 anuo
1171 2427 1237 2480 1880

48 2524 254 2596 praeclarissimo
276 2524 380 2576 Circulo
403 2523 551 2576 Meridiano
574 2521 702 2575 instructu
726 2529 798 2585 erat,
827 2521 966 2575 secundem
989 2522 1090 2575 stellam
1115 2523 1237 2592 polareuu,

49 2638 140 2692 umpe
156 2620 173 2676 ὃ
190 2621 277 2673 Ursae
294 2620 415 2684 minoris,
444 2636 494 2689 ope
511 2619 587 2687 hujus
611 2618 777 2671 instrumenti
793 2635 949 2687 unoquoque
970 2618 1022 2671 diei
1039 2626 1156 2689 ternpore
1173 2620 1237 2672 visi-

48 2719 139 2782 bilem,
162 2717 249 2786 edjeci
264 2717 293 2770 in
309 2718 378 2769 hunc
395 2717 486 2779 finem,
514 2721 544 2767 ut
559 2713 593 2766 iis
610 2732 712 2785 quoque
730 2713 902 2783 temporibus,
929 2713 1022 2783 quibus
1047 2731 1100 2766 unc
1122 2714 1238 2771 alterave

49 2813 143 2886 prioris
167 2813 259 2866 stellae
284 2812 438 2865 Culminetio
462 2811 490 2864 in
515 2820 656 2864 nocturnes
685 2828 781 2880 easque
805 2809 980 2863 incommodes
1005 2811 1083 2863 horas
1108 2809 1239 2875 inciderit,

49 2909 177 2964 mneeno
193 2909 358 2964 instrumenti
374 2908 460 2962 facilia
478 2907 563 2979 possit
580 2913 609 2959 et
626 2908 753 2978 complete
770 2907 844 2971 fieri,
869 2907 886 2959 i.
904 2925 927 2959 e.
946 2924 994 2976 per
1011 2907 1157 2959 contrarias
1175 2906 1237 2959 cul-

49 3007 213 3059 minationes.
247 3005 305 3058 llas
322 3004 356 3058 88
375 3006 464 3058 stelles
483 3006 558 3075 plane
576 3004 698 3056 sufficere
715 3010 778 3073 puto
797 3003 855 3056 usui
871 3003 1007 3074 speculae,
1024 3005 1097 3072 cujus
1115 3003 1151 3056 sit
1169 3021 1238 3056 corn-

48 3104 119 3174 plete
139 3103 176 3155 ad
201 3102 398 3155 observationes
421 3100 578 3154 meridianas
603 3099 752 3169 suppellex,
777 3116 874 3169 neque,
904 3101 927 3152 ei
949 3100 1008 3152 huic
1027 3115 1132 3151 numero
1153 3115 1237 3151 novee

49 3200 140 3253 stellae
157 3198 266 3252 edditae
283 3198 395 3263 luerint,
419 3198 497 3250 ullam
522 3196 636 3249 arbitror
659 3195 717 3248 lore
740 3213 878 3249 enumero
902 3204 979 3249 aucto
997 3194 1149 3257 utilitatem,
1172 3210 1238 3262 quae

48 3294 236 3350 incommodum
260 3296 336 3364 hujus
369 3294 518 3347 mutationis
546 3290 676 3361 Catnlogs‘
697 3289 915 3363 fundamentalis
948 3306 1116 3359 compensare
1145 3288 1238 3359 possit.

48 3392 192 3462 Speculee,
215 3390 354 3460 inquibus
377 3390 549 3444 instrumente
565 3387 709 3441 meridiana
729 3404 781 3439 non
803 3387 869 3440 satis
891 3386 965 3438 firma
989 3385 1105 3454 gaudent
1127 3384 1239 3437 colloca·

47 3493 133 3555 tione,
150 3497 197 3544 sut
213 3487 352 3557 inquibus
370 3487 567 3541 observationes
585 3486 754 3540 instituuntur
772 3491 849 3538 entra
865 3481 1046 3546 meridianum,
1064 3482 1238 3536 numerosiore

47 3588 167 3658 indigent
183 3584 313 3653 catalogo
332 3584 471 3637 stellerum.

118 3683 238 3737 Tabales
253 3681 354 3735 illarum
371 3678 407 3733 86
423 3680 557 3734 stellarum
567 3679 821 3752 fundamentaliter
846 3695 894 3731 nec
916 3694 969 3730 non
993 3676 1127 3746 uniusque
1145 3675 1237 3729 stellae

42 3778 150 3851 peteris
167 3778 218 3831 boc
234 3777 302 3830 libro
321 3783 457 3830 contentas
474 3775 514 3830 itu
530 3786 693 3847 computatus
711 3796 770 3830 esse
786 3775 872 3839 volui,
897 3781 926 3826 ut
942 3774 1087 3837 stellarum,
1112 3790 1178 3842 quas
1197 3772 1237 3823 di-

45 3877 142 3940 eimus,
165 3879 325 3945 apparentes
342 3872 534 3927 Adscensiones
557 3883 644 3928 rectas
668 3879 697 3928 et
714 3871 906 3927 Declinationes
929 3886 976 3940 pro
1001 3887 1103 3940 quoque
1120 3876 1237 3938 tempore

43 3973 118 4027 intre
135 3987 220 4023 annos
240 3966 306 4021 1750
323 3974 352 4022 et
371 3967 439 4022 1850
456 3975 558 4040 sumpto
576 3988 742 4041 summeque
759 3967 817 4022 lieri
834 3965 1077 4038 possit-facilitate,
1095 3983 1127 4018 ex
1144 3964 1236 4015 iisdem

42 4083 151 4139 semper
168 4066 304 4119 elementis
320 4064 418 4136 petitus
436 4067 612 4136 suppeditent.
653 4068 713 4120 Hae
730 4065 848 4119 Tabulae
864 4064 893 4115 in
910 4061 1022 4132 quinque
1040 4061 1178 4113 Sec-tiones
1196 4057 1236 4108 di-

41 4165 122 4219 visae
139 4166 201 4217 sunt
218 4178 267 4232 pro
284 4161 365 4215 Annis
384 4161 487 4214 1750-
499 4163 578 4228 1770,
606 4163 710 4215 1770-
721 4160 800 4225 1790,
825 4156 1018 4221 1790-1810,
1044 4157 1149 4208 1810-
1160 4151 1238 4215 1880,

44 4259 158 4314 1880-
170 4255 257 4323 185ος
283 4275 362 4328 quum
382 4275 470 4312 ommes
495 4257 511 4310 6
533 4260 669 4312 Sectiones
694 4259 752 4310 loca
769 4254 920 4309 contineant
936 4252 1035 4305 illarum
1053 4249 1088 4303 86
1104 4247 1236 4302 ιιιίίιιιιιιι

42 4362 71 4412 et
89 4355 186 4409 stellae
204 4374 224 4408 ιι
238 4354 462 4420 Ursuemiuoris,
482 4360 576 4425 quarta
593 4360 621 4407 et
639 4353 728 4423 quinte
746 4350 835 4405 Sectio
852 4349 912 4403 loca
928 4365 1030 4419 quoque
1047 4347 1126 4398 hebet
1143 4342 1236 4396 stellae

41 4452 171 4509 dUrsee
194 4450 316 4516 minoris,
334 4428 423 4522 =liujus
448 4451 540 4505 stellae
562 4451 622 4504 loce
644 4451 729 4502 tribus
754 4449 806 4501 illis
829 4445 959 4517 prioribus
981 4440 1146 4495 sectionibus
1167 4439 1236 4492 bend

41 4547 153 4619 adjeci,
177 4547 240 4616 quia
257 4546 334 4601 stelle
350 4544 512 4603 illa'demum
529 4548 564 4603 ab
581 4562 649 4601 auno
669 4545 738 4599 1820
753 4544 845 4599 stellae
861 4541 958 4613 polaris
975 4537 1034 4591 viee
1048 4536 1122 4606 tongi
1140 4535 1235 4605 coepit
1291 4596 1294 4601 ,
