<?xml version="1.0" encoding="UTF-8"?>
<!DOCTYPE html PUBLIC "-//W3C//DTD XHTML 1.0 Transitional//EN"
    "http://www.w3.org/TR/xhtml1/DTD/xhtml1-transitional.dtd">
<html xmlns="http://www.w3.org/1999/xhtml" xml:lang="en" lang="en">
 <head>
  <title>
</title>
<meta http-equiv="Content-Type" content="text/html;charset=utf-8" />
  <meta name='ocr-system' content='tesseract 3.04.00' />
  <meta name='ocr-capabilities' content='ocr_page ocr_carea ocr_par ocr_line ocrx_word'/>
</head>
<body>
  <div class='ocr_page' id='page_1' title='image "./tabulaeregiomon00bessgoog_0037.png"; bbox 0 0 2874 5084; ppageno 0'>
   <div class='ocr_carea' id='block_1_1' title="bbox 275 1080 1212 1203">
    <p class='ocr_par' dir='ltr' id='par_1_1' title="bbox 275 1080 1212 1203">
     <span class='ocr_line' id='line_1_1' title="bbox 275 1080 1212 1203; baseline -0.007 -25"><span class='ocrx_word' id='word_1_1' title='bbox 275 1094 586 1203; x_wconf 67' lang='lat' dir='ltr'>duplicatio</span> <span class='ocrx_word' id='word_1_2' title='bbox 626 1107 679 1177; x_wconf 78' lang='lat' dir='ltr'>et</span> <span class='ocrx_word' id='word_1_3' title='bbox 712 1080 830 1176; x_wconf 77' lang='lat' dir='ltr'>usus</span> <span class='ocrx_word' id='word_1_4' title='bbox 879 1090 1212 1176; x_wconf 76' lang='lat' dir='ltr'><strong><em>Tabularum.</em></strong></span> 
     </span>
    </p>
   </div>
   <div class='ocr_carea' id='block_1_2' title="bbox 462 1431 1035 1660">
    <p class='ocr_par' dir='ltr' id='par_1_2' title="bbox 462 1431 1035 1660">
     <span class='ocr_line' id='line_1_2' title="bbox 571 1431 921 1507; baseline 0.003 -3"><span class='ocrx_word' id='word_1_5' title='bbox 571 1432 780 1507; x_wconf 80' lang='lat' dir='ltr'>Tabulacl</span> <span class='ocrx_word' id='word_1_6' title='bbox 812 1431 850 1505; x_wconf 75' lang='lat'>8&lt;</span> <span class='ocrx_word' id='word_1_7' title='bbox 875 1431 921 1505; x_wconf 88' lang='lat'>11.</span> 
     </span>
     <span class='ocr_line' id='line_1_3' title="bbox 462 1574 1035 1660; baseline -0.002 -12"><span class='ocrx_word' id='word_1_8' title='bbox 462 1574 605 1648; x_wconf 68' lang='lat' dir='ltr'>Reducts‘d</span> <span class='ocrx_word' id='word_1_9' title='bbox 634 1590 694 1649; x_wconf 78' lang='lat' dir='ltr'>dici</span> <span class='ocrx_word' id='word_1_10' title='bbox 719 1588 761 1648; x_wconf 86' lang='lat' dir='ltr'>od</span> <span class='ocrx_word' id='word_1_11' title='bbox 786 1606 894 1646; x_wconf 74' lang='lat' dir='ltr'>aarum</span> <span class='ocrx_word' id='word_1_12' title='bbox 917 1585 1035 1660; x_wconf 80' lang='lat' dir='ltr'>fictum.</span> 
     </span>
    </p>
   </div>
   <div class='ocr_carea' id='block_1_3' title="bbox 68 1725 1384 4118">
    <p class='ocr_par' dir='ltr' id='par_1_3' title="bbox 82 1725 1384 2394">
     <span class='ocr_line' id='line_1_4' title="bbox 213 1725 1345 1841; baseline -0.001 -18"><span class='ocrx_word' id='word_1_13' title='bbox 213 1725 407 1840; x_wconf 60' lang='lat' dir='ltr'>&#39;dimensum</span> <span class='ocrx_word' id='word_1_14' title='bbox 424 1771 536 1824; x_wconf 91' lang='lat' dir='ltr'>omnium</span> <span class='ocrx_word' id='word_1_15' title='bbox 553 1770 631 1841; x_wconf 77' lang='lat' dir='ltr'>huJus</span> <span class='ocrx_word' id='word_1_16' title='bbox 649 1746 736 1841; x_wconf 81' lang='lat' dir='ltr'>operis</span> <span class='ocrx_word' id='word_1_17' title='bbox 755 1769 931 1834; x_wconf 74' lang='lat' dir='ltr'><strong>Tabularum,</strong></span> <span class='ocrx_word' id='word_1_18' title='bbox 949 1785 1017 1840; x_wconf 87' lang='lat' dir='ltr'>queo</span> <span class='ocrx_word' id='word_1_19' title='bbox 1030 1766 1191 1837; x_wconf 79' lang='lat' dir='ltr'>quantitates</span> <span class='ocrx_word' id='word_1_20' title='bbox 1209 1767 1345 1822; x_wconf 78' lang='lat' dir='ltr'>continent</span> 
     </span>
     <span class='ocr_line' id='line_1_5' title="bbox 152 1863 1384 1934; baseline -0.001 -17"><span class='ocrx_word' id='word_1_21' title='bbox 152 1881 169 1916; x_wconf 82' lang='lat' dir='ltr'>n</span> <span class='ocrx_word' id='word_1_22' title='bbox 185 1871 302 1933; x_wconf 87' lang='lat' dir='ltr'>tempore</span> <span class='ocrx_word' id='word_1_23' title='bbox 319 1865 471 1934; x_wconf 77' lang='lat' dir='ltr'>pendentes,</span> <span class='ocrx_word' id='word_1_24' title='bbox 489 1866 571 1918; x_wconf 88' lang='lat' dir='ltr'>series</span> <span class='ocrx_word' id='word_1_25' title='bbox 589 1874 631 1918; x_wconf 85' lang='lat' dir='ltr'>est</span> <span class='ocrx_word' id='word_1_26' title='bbox 647 1865 747 1924; x_wconf 77' lang='lat' dir='ltr'>dienen</span> <span class='ocrx_word' id='word_1_27' title='bbox 765 1867 826 1919; x_wconf 85' lang='lat' dir='ltr'>anni</span> <span class='ocrx_word' id='word_1_28' title='bbox 843 1865 910 1931; x_wconf 87' lang='lat' dir='ltr'>ficti,</span> <span class='ocrx_word' id='word_1_29' title='bbox 930 1863 1078 1934; x_wconf 88' lang='lat' dir='ltr'>incipientis</span> <span class='ocrx_word' id='word_1_30' title='bbox 1096 1879 1128 1915; x_wconf 91' lang='lat' dir='ltr'>eo</span> <span class='ocrx_word' id='word_1_31' title='bbox 1146 1863 1272 1932; x_wconf 78' lang='lat' dir='ltr'>temporie</span> <span class='ocrx_word' id='word_1_32' title='bbox 1289 1879 1345 1916; x_wconf 91' lang='lat' dir='ltr'>mo-</span> <span class='ocrx_word' id='word_1_33' title='bbox 1380 1868 1384 1881; x_wconf 88' lang='grc'><em>“</em></span> 
     </span>
     <span class='ocr_line' id='line_1_6' title="bbox 82 1939 1346 2027; baseline 0.001 -15"><span class='ocrx_word' id='word_1_34' title='bbox 82 1990 86 1995; x_wconf 85' lang='grc'><strong><em>·</em></strong></span> <span class='ocrx_word' id='word_1_35' title='bbox 151 1965 247 2023; x_wconf 90' lang='lat' dir='ltr'>mento,</span> <span class='ocrx_word' id='word_1_36' title='bbox 265 1976 316 2027; x_wconf 92' lang='lat' dir='ltr'>quo</span> <span class='ocrx_word' id='word_1_37' title='bbox 332 1961 367 2010; x_wconf 91' lang='lat' dir='ltr'>sit</span> <span class='ocrx_word' id='word_1_38' title='bbox 379 1959 464 2010; x_wconf 87' lang='lat' dir='ltr'>medie</span> <span class='ocrx_word' id='word_1_39' title='bbox 476 1959 623 2027; x_wconf 82' lang='lat' dir='ltr'>Longitudo</span> <span class='ocrx_word' id='word_1_40' title='bbox 634 1956 867 2011; x_wconf 79' lang='lat' dir='ltr'>Solaris==280⁰.</span> <span class='ocrx_word' id='word_1_41' title='bbox 896 1960 987 2022; x_wconf 77' lang='lat' dir='ltr'>Quare</span> <span class='ocrx_word' id='word_1_42' title='bbox 999 1957 1121 2012; x_wconf 77' lang='lat' dir='ltr'>Tabulae</span> <span class='ocrx_word' id='word_1_43' title='bbox 1134 1958 1184 2013; x_wconf 87' lang='lat' dir='ltr'>hae</span> <span class='ocrx_word' id='word_1_44' title='bbox 1195 1939 1346 2013; x_wconf 79' lang='lat' dir='ltr'>immediete</span> 
     </span>
     <span class='ocr_line' id='line_1_7' title="bbox 155 2052 1345 2124; baseline 0.002 -18"><span class='ocrx_word' id='word_1_45' title='bbox 155 2054 239 2107; x_wconf 85' lang='lat' dir='ltr'>locum</span> <span class='ocrx_word' id='word_1_46' title='bbox 251 2053 385 2106; x_wconf 84' lang='lat' dir='ltr'>habebunt</span> <span class='ocrx_word' id='word_1_47' title='bbox 400 2053 428 2105; x_wconf 88' lang='lat' dir='ltr'>in</span> <span class='ocrx_word' id='word_1_48' title='bbox 445 2053 478 2104; x_wconf 86' lang='lat' dir='ltr'>iis</span> <span class='ocrx_word' id='word_1_49' title='bbox 495 2059 584 2105; x_wconf 89' lang='lat' dir='ltr'>terrae</span> <span class='ocrx_word' id='word_1_50' title='bbox 601 2053 766 2117; x_wconf 73' lang='lat' dir='ltr'>meridianis,</span> <span class='ocrx_word' id='word_1_51' title='bbox 789 2069 838 2121; x_wconf 90' lang='lat' dir='ltr'>pro</span> <span class='ocrx_word' id='word_1_52' title='bbox 861 2052 956 2121; x_wconf 87' lang='lat' dir='ltr'>quibus</span> <span class='ocrx_word' id='word_1_53' title='bbox 979 2052 1079 2121; x_wconf 80' lang='lat' dir='ltr'>epocha</span> <span class='ocrx_word' id='word_1_54' title='bbox 1096 2052 1197 2107; x_wconf 88' lang='lat' dir='ltr'>mediae</span> <span class='ocrx_word' id='word_1_55' title='bbox 1214 2053 1345 2124; x_wconf 77' lang='lat' dir='ltr'>Longitu-</span> 
     </span>
     <span class='ocr_line' id='line_1_8' title="bbox 154 2136 1345 2220; baseline 0.003 -19"><span class='ocrx_word' id='word_1_56' title='bbox 154 2148 221 2202; x_wconf 84' lang='lat' dir='ltr'>dinis</span> <span class='ocrx_word' id='word_1_57' title='bbox 239 2147 340 2201; x_wconf 84' lang='lat' dir='ltr'>Solaris</span> <span class='ocrx_word' id='word_1_58' title='bbox 364 2149 400 2201; x_wconf 89' lang='lat' dir='ltr'>sit</span> <span class='ocrx_word' id='word_1_59' title='bbox 416 2176 461 2197; x_wconf 83' lang='lat'>=</span> <span class='ocrx_word' id='word_1_60' title='bbox 477 2148 559 2210; x_wconf 80' lang='lat'><strong>280⁰,</strong></span> <span class='ocrx_word' id='word_1_61' title='bbox 596 2145 643 2200; x_wconf 88' lang='lat' dir='ltr'>sed</span> <span class='ocrx_word' id='word_1_62' title='bbox 660 2136 722 2216; x_wconf 79' lang='lat' dir='ltr'>quia</span> <span class='ocrx_word' id='word_1_63' title='bbox 745 2146 791 2200; x_wconf 86' lang='lat' dir='ltr'>sol</span> <span class='ocrx_word' id='word_1_64' title='bbox 812 2147 1007 2200; x_wconf 77' lang='lat' dir='ltr'>conversionem</span> <span class='ocrx_word' id='word_1_65' title='bbox 1030 2163 1140 2202; x_wconf 82' lang='lat' dir='ltr'>aunuum</span> <span class='ocrx_word' id='word_1_66' title='bbox 1165 2166 1216 2202; x_wconf 92' lang='lat' dir='ltr'>non</span> <span class='ocrx_word' id='word_1_67' title='bbox 1240 2151 1345 2220; x_wconf 80' lang='lat' dir='ltr'>integro</span> 
     </span>
     <span class='ocr_line' id='line_1_9' title="bbox 153 2242 1347 2313; baseline 0.003 -16"><span class='ocrx_word' id='word_1_68' title='bbox 153 2244 253 2298; x_wconf 87' lang='lat' dir='ltr'>dierum</span> <span class='ocrx_word' id='word_1_69' title='bbox 270 2261 376 2298; x_wconf 89' lang='lat' dir='ltr'>numero</span> <span class='ocrx_word' id='word_1_70' title='bbox 394 2243 514 2310; x_wconf 89' lang='lat' dir='ltr'>conficit,</span> <span class='ocrx_word' id='word_1_71' title='bbox 531 2242 652 2297; x_wconf 74' lang='lat' dir='ltr'>Tabulas</span> <span class='ocrx_word' id='word_1_72' title='bbox 668 2242 721 2296; x_wconf 89' lang='lat' dir='ltr'>alio</span> <span class='ocrx_word' id='word_1_73' title='bbox 738 2257 843 2313; x_wconf 88' lang='lat' dir='ltr'>quoque</span> <span class='ocrx_word' id='word_1_74' title='bbox 860 2258 927 2295; x_wconf 86' lang='lat' dir='ltr'>anno</span> <span class='ocrx_word' id='word_1_75' title='bbox 944 2258 992 2312; x_wconf 90' lang='lat' dir='ltr'>pro</span> <span class='ocrx_word' id='word_1_76' title='bbox 1011 2242 1062 2297; x_wconf 85' lang='lat' dir='ltr'>alio</span> <span class='ocrx_word' id='word_1_77' title='bbox 1079 2244 1222 2299; x_wconf 86' lang='lat' dir='ltr'>meridiano</span> <span class='ocrx_word' id='word_1_78' title='bbox 1240 2246 1347 2300; x_wconf 84' lang='lat' dir='ltr'>valeant</span> 
     </span>
     <span class='ocr_line' id='line_1_10' title="bbox 154 2320 1303 2394; baseline 0.003 -2"><span class='ocrx_word' id='word_1_79' title='bbox 154 2356 262 2393; x_wconf 85' lang='lat' dir='ltr'>necesse</span> <span class='ocrx_word' id='word_1_80' title='bbox 279 2345 330 2394; x_wconf 87' lang='lat' dir='ltr'>est.</span> <span class='ocrx_word' id='word_1_81' title='bbox 1032 2343 1034 2347; x_wconf 79' lang='grc'>’</span> <span class='ocrx_word' id='word_1_82' title='bbox 1299 2320 1303 2327; x_wconf 44' lang='grc'><strong>’</strong></span> 
     </span>
    </p>

    <p class='ocr_par' dir='ltr' id='par_1_4' title="bbox 224 2433 1347 2509">
     <span class='ocr_line' id='line_1_11' title="bbox 224 2433 1347 2509; baseline 0.006 -23"><span class='ocrx_word' id='word_1_83' title='bbox 224 2434 256 2487; x_wconf 81' lang='lat' dir='ltr'>Si</span> <span class='ocrx_word' id='word_1_84' title='bbox 272 2435 422 2490; x_wconf 80' lang='lat' dir='ltr'>differentia</span> <span class='ocrx_word' id='word_1_85' title='bbox 438 2436 515 2505; x_wconf 80' lang='lat' dir='ltr'>hujus</span> <span class='ocrx_word' id='word_1_86' title='bbox 538 2434 675 2489; x_wconf 85' lang='lat' dir='ltr'>meridiani</span> <span class='ocrx_word' id='word_1_87' title='bbox 692 2451 709 2489; x_wconf 90' lang='lat' dir='ltr'>a</span> <span class='ocrx_word' id='word_1_88' title='bbox 725 2433 870 2488; x_wconf 78' lang='lat' dir='ltr'>Parisiensi</span> <span class='ocrx_word' id='word_1_89' title='bbox 894 2442 1011 2504; x_wconf 90' lang='lat' dir='ltr'>tempore</span> <span class='ocrx_word' id='word_1_90' title='bbox 1033 2436 1142 2500; x_wconf 82' lang='lat' dir='ltr'>metite,</span> <span class='ocrx_word' id='word_1_91' title='bbox 1177 2438 1347 2509; x_wconf 83' lang='lat' dir='ltr'>positivequc</span> 
     </span>
    </p>

    <p class='ocr_par' dir='ltr' id='par_1_5' title="bbox 106 2527 1347 2602">
     <span class='ocr_line' id='line_1_12' title="bbox 106 2527 1347 2602; baseline 0.002 -18"><span class='ocrx_word' id='word_1_92' title='bbox 106 2528 110 2537; x_wconf 78' lang='grc'><em>“</em></span> <span class='ocrx_word' id='word_1_93' title='bbox 154 2538 240 2586; x_wconf 84' lang='lat' dir='ltr'>sumta</span> <span class='ocrx_word' id='word_1_94' title='bbox 257 2531 384 2585; x_wconf 85' lang='lat' dir='ltr'>adversus</span> <span class='ocrx_word' id='word_1_95' title='bbox 402 2533 528 2586; x_wconf 85' lang='lat' dir='ltr'>orientem</span> <span class='ocrx_word' id='word_1_96' title='bbox 544 2531 709 2602; x_wconf 75' lang='lat' dir='ltr'>significatur</span> <span class='ocrx_word' id='word_1_97' title='bbox 724 2547 773 2601; x_wconf 88' lang='lat' dir='ltr'>per</span> <span class='ocrx_word' id='word_1_98' title='bbox 789 2527 822 2595; x_wconf 71' lang='lat' dir='ltr'>k,</span> <span class='ocrx_word' id='word_1_99' title='bbox 859 2529 1009 2585; x_wconf 73' lang='lat' dir='ltr'>unumne</span> <span class='ocrx_word' id='word_1_100' title='bbox 1025 2531 1162 2585; x_wconf 79' lang='lat' dir='ltr'>meridiani</span> <span class='ocrx_word' id='word_1_101' title='bbox 1177 2532 1230 2586; x_wconf 87' lang='lat' dir='ltr'>loci</span> <span class='ocrx_word' id='word_1_102' title='bbox 1247 2542 1347 2600; x_wconf 78' lang='lat' dir='ltr'>terres,</span> 
     </span>
    </p>

    <p class='ocr_par' dir='ltr' id='par_1_6' title="bbox 153 2626 1346 2701">
     <span class='ocr_line' id='line_1_13' title="bbox 153 2626 1346 2701; baseline 0.003 -21"><span class='ocrx_word' id='word_1_103' title='bbox 153 2627 421 2682; x_wconf 86' lang='lat' dir='ltr'>itidemameridiauo</span> <span class='ocrx_word' id='word_1_104' title='bbox 430 2628 572 2683; x_wconf 86' lang='lat' dir='ltr'>Parisiensi</span> <span class='ocrx_word' id='word_1_105' title='bbox 582 2633 725 2691; x_wconf 87' lang='lat' dir='ltr'>numerata,</span> <span class='ocrx_word' id='word_1_106' title='bbox 743 2626 791 2679; x_wconf 87' lang='lat' dir='ltr'>sed</span> <span class='ocrx_word' id='word_1_107' title='bbox 801 2626 927 2680; x_wconf 81' lang='lat' dir='ltr'>adversus</span> <span class='ocrx_word' id='word_1_108' title='bbox 936 2626 1097 2681; x_wconf 87' lang='lat' dir='ltr'>occidentem</span> <span class='ocrx_word' id='word_1_109' title='bbox 1105 2628 1220 2698; x_wconf 84' lang='lat' dir='ltr'>positive</span> <span class='ocrx_word' id='word_1_110' title='bbox 1231 2640 1346 2701; x_wconf 82' lang='lat' dir='ltr'>sumpta,</span> 
     </span>
    </p>

    <p class='ocr_par' dir='ltr' id='par_1_7' title="bbox 68 2699 1346 2795">
     <span class='ocr_line' id='line_1_14' title="bbox 68 2699 1346 2795; baseline 0.005 -21"><span class='ocrx_word' id='word_1_111' title='bbox 68 2699 80 2712; x_wconf 42' lang='grc'><strong><em>’</em></strong></span> <span class='ocrx_word' id='word_1_112' title='bbox 154 2730 260 2777; x_wconf 79' lang='lat' dir='ltr'>notatur</span> <span class='ocrx_word' id='word_1_113' title='bbox 276 2741 325 2795; x_wconf 87' lang='lat' dir='ltr'>per</span> <span class='ocrx_word' id='word_1_114' title='bbox 341 2723 376 2788; x_wconf 77' lang='lat' dir='ltr'>tl,</span> <span class='ocrx_word' id='word_1_115' title='bbox 394 2724 472 2794; x_wconf 81' lang='lat' dir='ltr'>hujus</span> <span class='ocrx_word' id='word_1_116' title='bbox 489 2724 541 2778; x_wconf 92' lang='lat' dir='ltr'>loci</span> <span class='ocrx_word' id='word_1_117' title='bbox 557 2724 684 2794; x_wconf 84' lang='lat' dir='ltr'>tempori,</span> <span class='ocrx_word' id='word_1_118' title='bbox 700 2739 749 2793; x_wconf 93' lang='lat' dir='ltr'>pro</span> <span class='ocrx_word' id='word_1_119' title='bbox 767 2740 819 2791; x_wconf 86' lang='lat' dir='ltr'>quo</span> <span class='ocrx_word' id='word_1_120' title='bbox 837 2723 999 2792; x_wconf 65' lang='lat' dir='ltr'>quantitates</span> <span class='ocrx_word' id='word_1_121' title='bbox 1016 2722 1129 2776; x_wconf 75' lang='lat' dir='ltr'>Tabulis</span> <span class='ocrx_word' id='word_1_122' title='bbox 1148 2731 1288 2780; x_wconf 79' lang='lat' dir='ltr'>contentae</span> <span class='ocrx_word' id='word_1_123' title='bbox 1305 2728 1346 2780; x_wconf 92' lang='lat' dir='ltr'>iu-</span> 
     </span>
    </p>

    <p class='ocr_par' dir='ltr' id='par_1_8' title="bbox 153 2818 1347 2890">
     <span class='ocr_line' id='line_1_15' title="bbox 153 2818 1347 2890; baseline 0.002 -18"><span class='ocrx_word' id='word_1_124' title='bbox 153 2820 298 2873; x_wconf 80' lang='lat' dir='ltr'>veniendae</span> <span class='ocrx_word' id='word_1_125' title='bbox 315 2827 384 2884; x_wconf 89' lang='lat' dir='ltr'>sunt,</span> <span class='ocrx_word' id='word_1_126' title='bbox 400 2822 552 2890; x_wconf 71' lang='lat' dir='ltr'>priusquam</span> <span class='ocrx_word' id='word_1_127' title='bbox 569 2837 627 2874; x_wconf 83' lang='lat' dir='ltr'>cum</span> <span class='ocrx_word' id='word_1_128' title='bbox 643 2821 702 2889; x_wconf 88' lang='lat' dir='ltr'>ipso</span> <span class='ocrx_word' id='word_1_129' title='bbox 720 2820 747 2872; x_wconf 90' lang='lat' dir='ltr'>iu</span> <span class='ocrx_word' id='word_1_130' title='bbox 759 2818 879 2871; x_wconf 75' lang='lat' dir='ltr'>Tabulas</span> <span class='ocrx_word' id='word_1_131' title='bbox 896 2819 1053 2882; x_wconf 80' lang='lat' dir='ltr'>introeatur,</span> <span class='ocrx_word' id='word_1_132' title='bbox 1072 2819 1192 2874; x_wconf 86' lang='lat' dir='ltr'>addenda</span> <span class='ocrx_word' id='word_1_133' title='bbox 1204 2819 1311 2884; x_wconf 66' lang='lat' dir='ltr'>esti-t·</span> <span class='ocrx_word' id='word_1_134' title='bbox 1322 2822 1347 2875; x_wconf 79' lang='lat' dir='ltr'>d.</span> 
     </span>
    </p>

    <p class='ocr_par' dir='ltr' id='par_1_9' title="bbox 154 2912 1347 3082">
     <span class='ocr_line' id='line_1_16' title="bbox 154 2912 1347 2989; baseline 0.005 -23"><span class='ocrx_word' id='word_1_135' title='bbox 154 2913 245 2979; x_wconf 87' lang='lat' dir='ltr'>Diem,</span> <span class='ocrx_word' id='word_1_136' title='bbox 261 2915 312 2968; x_wconf 87' lang='lat' dir='ltr'>hoc</span> <span class='ocrx_word' id='word_1_137' title='bbox 330 2915 419 2969; x_wconf 86' lang='lat' dir='ltr'>addito</span> <span class='ocrx_word' id='word_1_138' title='bbox 437 2933 542 2970; x_wconf 89' lang='lat' dir='ltr'>numero</span> <span class='ocrx_word' id='word_1_139' title='bbox 559 2915 694 2970; x_wconf 89' lang='lat' dir='ltr'>reductum</span> <span class='ocrx_word' id='word_1_140' title='bbox 712 2914 747 2969; x_wconf 85' lang='lat' dir='ltr'>ed</span> <span class='ocrx_word' id='word_1_141' title='bbox 763 2931 856 2969; x_wconf 82' lang='lat' dir='ltr'>sunum</span> <span class='ocrx_word' id='word_1_142' title='bbox 873 2914 973 2980; x_wconf 84' lang='lat' dir='ltr'>fictum,</span> <span class='ocrx_word' id='word_1_143' title='bbox 1000 2912 1082 2968; x_wconf 77' lang='lat' dir='ltr'>Diem</span> <span class='ocrx_word' id='word_1_144' title='bbox 1099 2915 1237 2969; x_wconf 77' lang='lat' dir='ltr'>reductum</span> <span class='ocrx_word' id='word_1_145' title='bbox 1256 2919 1347 2989; x_wconf 86' lang='lat' dir='ltr'>sppsl-</span> 
     </span>
     <span class='ocr_line' id='line_1_17' title="bbox 154 3009 440 3082; baseline 0.003 -18"><span class='ocrx_word' id='word_1_146' title='bbox 154 3009 210 3064; x_wconf 87' lang='lat' dir='ltr'>lare</span> <span class='ocrx_word' id='word_1_147' title='bbox 228 3011 325 3082; x_wconf 87' lang='lat' dir='ltr'>placet.</span> <span class='ocrx_word' id='word_1_148' title='bbox 437 3064 440 3071; x_wconf 85' lang='grc'><em>,</em></span> 
     </span>
    </p>

    <p class='ocr_par' dir='ltr' id='par_1_10' title="bbox 154 3104 1351 3663">
     <span class='ocr_line' id='line_1_18' title="bbox 225 3104 1348 3179; baseline 0.003 -17"><span class='ocrx_word' id='word_1_149' title='bbox 225 3108 314 3162; x_wconf 84' lang='lat' dir='ltr'>Prima</span> <span class='ocrx_word' id='word_1_150' title='bbox 332 3106 437 3162; x_wconf 76' lang='lat' dir='ltr'>Tebrde</span> <span class='ocrx_word' id='word_1_151' title='bbox 454 3109 571 3161; x_wconf 87' lang='lat' dir='ltr'>continet</span> <span class='ocrx_word' id='word_1_152' title='bbox 586 3107 757 3178; x_wconf 71' lang='lat' dir='ltr'>quantitatem</span> <span class='ocrx_word' id='word_1_153' title='bbox 773 3104 791 3160; x_wconf 85' lang='lat' dir='ltr'>lr</span> <span class='ocrx_word' id='word_1_154' title='bbox 808 3124 856 3179; x_wconf 90' lang='lat' dir='ltr'>pro</span> <span class='ocrx_word' id='word_1_155' title='bbox 874 3125 978 3179; x_wconf 89' lang='lat' dir='ltr'>quoquo</span> <span class='ocrx_word' id='word_1_156' title='bbox 996 3125 1062 3161; x_wconf 88' lang='lat' dir='ltr'>anno</span> <span class='ocrx_word' id='word_1_157' title='bbox 1081 3109 1115 3160; x_wconf 87' lang='lat' dir='ltr'>ab</span> <span class='ocrx_word' id='word_1_158' title='bbox 1133 3125 1200 3162; x_wconf 91' lang='lat' dir='ltr'>anno</span> <span class='ocrx_word' id='word_1_159' title='bbox 1217 3109 1287 3163; x_wconf 90' lang='grc'>1750</span> <span class='ocrx_word' id='word_1_160' title='bbox 1300 3130 1348 3165; x_wconf 92' lang='lat' dir='ltr'>us-</span> 
     </span>
     <span class='ocr_line' id='line_1_19' title="bbox 155 3202 1348 3274; baseline 0.003 -15"><span class='ocrx_word' id='word_1_161' title='bbox 155 3222 207 3274; x_wconf 91' lang='lat' dir='ltr'>que</span> <span class='ocrx_word' id='word_1_162' title='bbox 229 3204 264 3259; x_wconf 90' lang='lat' dir='ltr'>ad</span> <span class='ocrx_word' id='word_1_163' title='bbox 288 3221 382 3259; x_wconf 85' lang='lat' dir='ltr'>anuum</span> <span class='ocrx_word' id='word_1_164' title='bbox 401 3202 483 3269; x_wconf 85' lang='grc'>1850,</span> <span class='ocrx_word' id='word_1_165' title='bbox 508 3221 560 3257; x_wconf 89' lang='lat' dir='ltr'>non</span> <span class='ocrx_word' id='word_1_166' title='bbox 577 3204 659 3257; x_wconf 88' lang='lat' dir='ltr'>solum</span> <span class='ocrx_word' id='word_1_167' title='bbox 682 3203 768 3270; x_wconf 82' lang='lat' dir='ltr'>horis,</span> <span class='ocrx_word' id='word_1_168' title='bbox 798 3204 903 3259; x_wconf 88' lang='lat' dir='ltr'>minutis</span> <span class='ocrx_word' id='word_1_169' title='bbox 920 3211 948 3270; x_wconf 81' lang='lat' dir='ltr'>et</span> <span class='ocrx_word' id='word_1_170' title='bbox 965 3205 1069 3258; x_wconf 85' lang='lat' dir='ltr'>minutis</span> <span class='ocrx_word' id='word_1_171' title='bbox 1095 3204 1229 3271; x_wconf 85' lang='lat' dir='ltr'>secundis,</span> <span class='ocrx_word' id='word_1_172' title='bbox 1254 3225 1348 3263; x_wconf 82' lang='lat' dir='ltr'>verum</span> 
     </span>
     <span class='ocr_line' id='line_1_20' title="bbox 156 3299 1348 3374; baseline 0.003 -19"><span class='ocrx_word' id='word_1_173' title='bbox 156 3305 234 3355; x_wconf 86' lang='lat' dir='ltr'>etiam</span> <span class='ocrx_word' id='word_1_174' title='bbox 252 3301 393 3355; x_wconf 80' lang='lat' dir='ltr'>millesimis</span> <span class='ocrx_word' id='word_1_175' title='bbox 411 3299 529 3369; x_wconf 84' lang='lat' dir='ltr'>partibus</span> <span class='ocrx_word' id='word_1_176' title='bbox 546 3299 601 3353; x_wconf 90' lang='lat' dir='ltr'>diei</span> <span class='ocrx_word' id='word_1_177' title='bbox 617 3316 775 3374; x_wconf 86' lang='lat' dir='ltr'>expressam.</span> <span class='ocrx_word' id='word_1_178' title='bbox 811 3301 886 3354; x_wconf 89' lang='lat' dir='ltr'>Haec</span> <span class='ocrx_word' id='word_1_179' title='bbox 904 3300 1010 3354; x_wconf 87' lang='lat' dir='ltr'>Tabule</span> <span class='ocrx_word' id='word_1_180' title='bbox 1028 3306 1181 3353; x_wconf 84' lang='lat' dir='ltr'>constructe</span> <span class='ocrx_word' id='word_1_181' title='bbox 1198 3309 1240 3355; x_wconf 89' lang='lat' dir='ltr'>est</span> <span class='ocrx_word' id='word_1_182' title='bbox 1252 3321 1348 3358; x_wconf 88' lang='lat' dir='ltr'>secun-</span> 
     </span>
     <span class='ocr_line' id='line_1_21' title="bbox 156 3390 1349 3466; baseline 0.004 -17"><span class='ocrx_word' id='word_1_183' title='bbox 156 3396 216 3449; x_wconf 89' lang='lat' dir='ltr'>dum</span> <span class='ocrx_word' id='word_1_184' title='bbox 240 3413 273 3448; x_wconf 89' lang='lat' dir='ltr'>ea</span> <span class='ocrx_word' id='word_1_185' title='bbox 298 3396 369 3450; x_wconf 77' lang='lat' dir='ltr'>Solis</span> <span class='ocrx_word' id='word_1_186' title='bbox 392 3396 532 3460; x_wconf 85' lang='lat' dir='ltr'>clemente,</span> <span class='ocrx_word' id='word_1_187' title='bbox 563 3413 631 3466; x_wconf 88' lang='lat' dir='ltr'>quae</span> <span class='ocrx_word' id='word_1_188' title='bbox 656 3414 690 3450; x_wconf 83' lang='lat' dir='ltr'>ex</span> <span class='ocrx_word' id='word_1_189' title='bbox 707 3397 841 3450; x_wconf 74' lang='lat' dir='ltr'>curialibus</span> <span class='ocrx_word' id='word_1_190' title='bbox 866 3394 995 3465; x_wconf 90' lang='lat' dir='ltr'>quondam</span> <span class='ocrx_word' id='word_1_191' title='bbox 1013 3397 1224 3451; x_wconf 86' lang='lat' dir='ltr'>observationum</span> <span class='ocrx_word' id='word_1_192' title='bbox 1240 3399 1312 3453; x_wconf 85' lang='lat' dir='ltr'>Solis</span> <span class='ocrx_word' id='word_1_193' title='bbox 1331 3390 1349 3455; x_wconf 76' lang='lat' dir='ltr'>a</span> 
     </span>
     <span class='ocr_line' id='line_1_22' title="bbox 154 3489 1351 3567; baseline 0.008 -25"><span class='ocrx_word' id='word_1_194' title='bbox 154 3489 286 3559; x_wconf 77' lang='lat' dir='ltr'>Bradlrjo</span> <span class='ocrx_word' id='word_1_195' title='bbox 304 3497 331 3543; x_wconf 87' lang='lat' dir='ltr'>ot</span> <span class='ocrx_word' id='word_1_196' title='bbox 348 3508 365 3542; x_wconf 85' lang='lat' dir='ltr'>a</span> <span class='ocrx_word' id='word_1_197' title='bbox 380 3506 421 3542; x_wconf 91' lang='lat' dir='ltr'>mc</span> <span class='ocrx_word' id='word_1_198' title='bbox 438 3492 496 3560; x_wconf 88' lang='lat' dir='ltr'>ipso</span> <span class='ocrx_word' id='word_1_199' title='bbox 513 3492 691 3545; x_wconf 80' lang='lat' dir='ltr'>irutitutarum</span> <span class='ocrx_word' id='word_1_200' title='bbox 706 3491 827 3545; x_wconf 80' lang='lat' dir='ltr'>derivavi</span> <span class='ocrx_word' id='word_1_201' title='bbox 834 3490 876 3556; x_wconf 78' lang='grc'>’),</span> <span class='ocrx_word' id='word_1_202' title='bbox 894 3507 1013 3561; x_wconf 89' lang='lat' dir='ltr'>quaeque</span> <span class='ocrx_word' id='word_1_203' title='bbox 1030 3490 1165 3562; x_wconf 82' lang='lat' dir='ltr'>Epooham</span> <span class='ocrx_word' id='word_1_204' title='bbox 1178 3496 1351 3567; x_wconf 81' lang='lat' dir='ltr'>suppeditent</span> 
     </span>
     <span class='ocr_line' id='line_1_23' title="bbox 155 3584 1191 3663; baseline 0.003 -23"><span class='ocrx_word' id='word_1_205' title='bbox 155 3585 257 3640; x_wconf 88' lang='lat' dir='ltr'>mediae</span> <span class='ocrx_word' id='word_1_206' title='bbox 274 3584 456 3654; x_wconf 77' lang='lat' dir='ltr'>Lougitudinie</span> <span class='ocrx_word' id='word_1_207' title='bbox 474 3603 522 3655; x_wconf 91' lang='lat' dir='ltr'>pro</span> <span class='ocrx_word' id='word_1_208' title='bbox 540 3603 607 3638; x_wconf 82' lang='lat' dir='ltr'>enno</span> <span class='ocrx_word' id='word_1_209' title='bbox 626 3585 695 3639; x_wconf 86' lang='lat'><strong>1800</strong></span> <span class='ocrx_word' id='word_1_210' title='bbox 707 3594 759 3647; x_wconf 75' lang='grc' dir='ltr'>-Η</span> <span class='ocrx_word' id='word_1_211' title='bbox 776 3593 804 3640; x_wconf 87' lang='lat' dir='ltr'>ot</span> <span class='ocrx_word' id='word_1_212' title='bbox 820 3604 869 3657; x_wconf 89' lang='lat' dir='ltr'>pro</span> <span class='ocrx_word' id='word_1_213' title='bbox 887 3587 1029 3640; x_wconf 89' lang='lat' dir='ltr'>meridiano</span> <span class='ocrx_word' id='word_1_214' title='bbox 1047 3588 1191 3663; x_wconf 72' lang='lat' dir='ltr'>Parisimsl</span> 
     </span>
    </p>

    <p class='ocr_par' dir='ltr' id='par_1_11' title="bbox 156 3678 1350 4118">
     <span class='ocr_line' id='line_1_24' title="bbox 320 3678 1173 3748; baseline 0.006 -15"><span class='ocrx_word' id='word_1_215' title='bbox 320 3678 473 3733; x_wconf 78' lang='lat' dir='ltr'>1t=279⁰</span> <span class='ocrx_word' id='word_1_216' title='bbox 482 3679 525 3733; x_wconf 67' lang='lat'>54‘</span> <span class='ocrx_word' id='word_1_217' title='bbox 535 3680 607 3748; x_wconf 55' lang='lat'>1286</span> <span class='ocrx_word' id='word_1_218' title='bbox 619 3692 646 3743; x_wconf 81' lang='lat'>4</span> <span class='ocrx_word' id='word_1_219' title='bbox 659 3679 858 3748; x_wconf 75' lang='lat' dir='ltr'>t.27&#39;&#39;‚605844</span> <span class='ocrx_word' id='word_1_220' title='bbox 868 3692 897 3747; x_wconf 77' lang='grc' dir='ltr'>-ι-</span> <span class='ocrx_word' id='word_1_221' title='bbox 910 3683 1173 3748; x_wconf 74' lang='lat' dir='ltr'><strong>u.0¹‚0001221805</strong></span> 
     </span>
     <span class='ocr_line' id='line_1_25' title="bbox 618 3774 1031 3851; baseline 0.005 -22"><span class='ocrx_word' id='word_1_222' title='bbox 618 3776 861 3850; x_wconf 70' lang='lat' dir='ltr'><strong>-f.14‘47¹‚088</strong></span> <span class='ocrx_word' id='word_1_223' title='bbox 991 3774 1031 3851; x_wconf 66' lang='lat'>0</span> 
     </span>
     <span class='ocr_line' id='line_1_26' title="bbox 156 3871 1350 3949; baseline 0.006 -23"><span class='ocrx_word' id='word_1_224' title='bbox 156 3873 203 3927; x_wconf 91' lang='lat' dir='ltr'>ubi</span> <span class='ocrx_word' id='word_1_225' title='bbox 213 3871 240 3946; x_wconf 81' lang='lat' dir='ltr'><em>f</em></span> <span class='ocrx_word' id='word_1_226' title='bbox 252 3889 301 3943; x_wconf 88' lang='lat' dir='ltr'>pro</span> <span class='ocrx_word' id='word_1_227' title='bbox 320 3888 386 3925; x_wconf 81' lang='lat' dir='ltr'>enno</span> <span class='ocrx_word' id='word_1_228' title='bbox 404 3871 516 3941; x_wconf 79' lang='lat' dir='ltr'>quodum</span> <span class='ocrx_word' id='word_1_229' title='bbox 533 3872 626 3927; x_wconf 83' lang='lat' dir='ltr'>decimi</span> <span class='ocrx_word' id='word_1_230' title='bbox 648 3873 709 3927; x_wconf 90' lang='lat' dir='ltr'>noni</span> <span class='ocrx_word' id='word_1_231' title='bbox 727 3874 826 3927; x_wconf 87' lang='lat' dir='ltr'>saeculi</span> <span class='ocrx_word' id='word_1_232' title='bbox 843 3881 886 3928; x_wconf 88' lang='lat' dir='ltr'>est</span> <span class='ocrx_word' id='word_1_233' title='bbox 900 3876 1033 3931; x_wconf 87' lang='lat' dir='ltr'>residuum</span> <span class='ocrx_word' id='word_1_234' title='bbox 1050 3893 1081 3943; x_wconf 84' lang='lat' dir='ltr'>r,</span> <span class='ocrx_word' id='word_1_235' title='bbox 1107 3877 1177 3949; x_wconf 90' lang='lat' dir='ltr'>quod</span> <span class='ocrx_word' id='word_1_236' title='bbox 1195 3886 1296 3945; x_wconf 81' lang='lat' dir='ltr'>restat,</span> <span class='ocrx_word' id='word_1_237' title='bbox 1325 3882 1350 3934; x_wconf 92' lang='lat' dir='ltr'>si</span> 
     </span>
     <span class='ocr_line' id='line_1_27' title="bbox 156 3967 1350 4042; baseline 0.005 -19"><span class='ocrx_word' id='word_1_238' title='bbox 156 3985 278 4023; x_wconf 87' lang='lat' dir='ltr'>numerus</span> <span class='ocrx_word' id='word_1_239' title='bbox 303 3984 427 4022; x_wconf 86' lang='lat' dir='ltr'>annorum</span> <span class='ocrx_word' id='word_1_240' title='bbox 451 3967 582 4022; x_wconf 72' lang='lat' dir='ltr'>divium</span> <span class='ocrx_word' id='word_1_241' title='bbox 604 3988 653 4041; x_wconf 87' lang='lat' dir='ltr'>per</span> <span class='ocrx_word' id='word_1_242' title='bbox 675 3969 708 4036; x_wconf 79' lang='lat'>4,</span> <span class='ocrx_word' id='word_1_243' title='bbox 742 3986 791 4042; x_wconf 90' lang='lat' dir='ltr'>pro</span> <span class='ocrx_word' id='word_1_244' title='bbox 814 3985 882 4025; x_wconf 81' lang='lat' dir='ltr'>enno</span> <span class='ocrx_word' id='word_1_245' title='bbox 905 3978 992 4027; x_wconf 84' lang='lat' dir='ltr'>sutem</span> <span class='ocrx_word' id='word_1_246' title='bbox 1017 3972 1110 4028; x_wconf 79' lang='lat' dir='ltr'>decimi</span> <span class='ocrx_word' id='word_1_247' title='bbox 1135 3974 1223 4029; x_wconf 82' lang='lat' dir='ltr'>octnvi</span> <span class='ocrx_word' id='word_1_248' title='bbox 1247 3977 1350 4030; x_wconf 88' lang='lat' dir='ltr'>saeculi</span> 
     </span>
     <span class='ocr_line' id='line_1_28' title="bbox 156 4062 311 4118; baseline 0.006 -2"><span class='ocrx_word' id='word_1_249' title='bbox 156 4092 202 4116; x_wconf 66' lang='grc' dir='ltr'>ιιι</span> <span class='ocrx_word' id='word_1_250' title='bbox 218 4081 234 4118; x_wconf 80' lang='lat' dir='ltr'>l&#39;</span> <span class='ocrx_word' id='word_1_251' title='bbox 244 4093 274 4105; x_wconf 91' lang='lat'>··</span> <span class='ocrx_word' id='word_1_252' title='bbox 284 4062 311 4117; x_wconf 68' lang='lat'>4·</span> 
     </span>
    </p>
   </div>
   <div class='ocr_carea' id='block_1_4' title="bbox 227 4153 809 4232">
    <p class='ocr_par' dir='ltr' id='par_1_12' title="bbox 227 4153 809 4232">
     <span class='ocr_line' id='line_1_29' title="bbox 227 4153 809 4232; baseline -0.003 -18"><span class='ocrx_word' id='word_1_253' title='bbox 227 4160 292 4215; x_wconf 87' lang='lat' dir='ltr'>lude</span> <span class='ocrx_word' id='word_1_254' title='bbox 308 4153 453 4232; x_wconf 76' lang='lat' dir='ltr'>reperietur</span> <span class='ocrx_word' id='word_1_255' title='bbox 470 4158 488 4211; x_wconf 76' lang='lat' dir='ltr'>l</span> <span class='ocrx_word' id='word_1_256' title='bbox 505 4161 644 4215; x_wconf 88' lang='lat' dir='ltr'>secuudum</span> <span class='ocrx_word' id='word_1_257' title='bbox 660 4161 809 4217; x_wconf 72' lang='lat' dir='ltr'>formidans</span> 
     </span>
    </p>
   </div>
   <div class='ocr_carea' id='block_1_5' title="bbox 195 4463 938 4529">
    <p class='ocr_par' dir='ltr' id='par_1_13' title="bbox 195 4463 938 4529">
     <span class='ocr_line' id='line_1_30' title="bbox 195 4463 938 4529; baseline 0.001 -11"><span class='ocrx_word' id='word_1_258' title='bbox 195 4463 397 4529; x_wconf 67' lang='grc' dir='ltr'>Ήσληοώα,</span> <span class='ocrx_word' id='word_1_259' title='bbox 423 4469 608 4518; x_wconf 73' lang='lat' dir='ltr'>astronomlsche</span> <span class='ocrx_word' id='word_1_260' title='bbox 626 4471 789 4522; x_wconf 70' lang='lat' dir='ltr'>Nnhrlcltten</span> <span class='ocrx_word' id='word_1_261' title='bbox 831 4472 875 4520; x_wconf 75' lang='grc' dir='ltr'>Νι.</span> <span class='ocrx_word' id='word_1_262' title='bbox 893 4473 938 4520; x_wconf 63' lang='lat'>10.</span> 
     </span>
    </p>
   </div>
   <div class='ocr_carea' id='block_1_6' title="bbox 0 0 1450 5084">
    <p class='ocr_par' dir='ltr' id='par_1_14' title="bbox 0 0 1450 5084">
     <span class='ocr_line' id='line_1_31' title="bbox 0 0 1450 5084; baseline 0 0"><span class='ocrx_word' id='word_1_263' title='bbox 0 0 1450 5084; x_wconf 95' lang='lat' dir='ltr'> </span> 
     </span>
    </p>
   </div>
  </div>
 </body>
</html>
