2866 5070
98 226 258 297 xxxvl

149 521 252 573 quasa
276 508 409 563 stellarum
430 509 495 563 locis
518 527 571 564 non
595 508 757 580 dependent,
782 509 812 563 in
833 509 962 563 Tabulam
986 509 1186 579 redegerimus„
1208 512 1285 578 cujus
1305 510 1338 562 alt

148 601 337 670 Argumentum
353 604 436 670 idem,
457 606 529 675 qnod
542 607 596 675 jam
612 605 641 658 iu
660 605 728 658 Tan.
747 605 810 658 vm
834 610 876 658 est
893 610 1059 688 ιιιιιιριιιιι,
1085 604 1168 659 laeum
1184 604 1282 658 stellae
1297 622 1338 658 ss-

148 700 263 766 paratim
280 702 425 771 qusesitum
441 701 561 755 facillime
578 708 729 771 computare
745 701 902 771 poterimus,
924 700 986 769 quie
1003 716 1092 753 omnes
1109 700 1160 753 lise
1177 701 1338 770 quantitates

148 792 229 848 facile
246 804 356 867 possunt
371 796 531 867 interpolari.
584 799 669 862 Quam
690 795 810 850 Tobrrlae
827 796 891 850 Vlll
913 795 1115 849 inmutationem
1137 813 1208 850 anuo
1227 795 1297 850 lesa
1311 798 1336 866 ⁹)

148 904 229 956 quum
251 893 512 957 commendavissem,
536 892 592 947 Cel.
610 891 732 946 Euri-ias
755 894 783 946 in
808 890 1025 963 Ephnneridibus
1049 891 1104 945 suis
1126 894 1258 962 nunqua!
1274 893 1337 947 satis

148 982 288 1042 laudandis
307 989 434 1043 Tabulam
451 988 539 1054 dedit,
568 1006 636 1058 qnae
653 994 739 1042 tamen
755 988 784 1041 in
800 989 850 1041 lroc
868 989 993 1042 abhorret
1010 991 1044 1041 ab
1060 988 1122 1053 illa,
1144 1004 1215 1058 qnae
1231 987 1278 1042 ln‘e
1293 1006 1337 1042 er·

148 1080 250 1148 plicata
273 1090 327 1151 est,
352 1086 423 1155 quod
445 1102 497 1138 nou
519 1084 631 1156 tempori
656 1083 757 1137 sidereo
783 1084 829 1137 sed
855 1086 938 1138 medio
962 1084 1074 1156 tempori
1097 1090 1139 1138 est
1161 1084 1337 1139 awo-odaia.

148 1174 228 1238 Quae
246 1179 399 1251 dispositio,
424 1180 527 1234 etiamsi
544 1179 661 1250 singulus
679 1185 778 1233 tantum
796 1180 886 1232 stellae
904 1180 977 1233 locus
995 1179 1183 1251 computandus
1200 1186 1258 1246 est,
1282 1198 1335 1235 meo

144 1271 248 1338 judicio
266 1293 318 1329 non
336 1276 492 1330 commodior
509 1284 550 1330 est
567 1293 643 1346 quam
662 1275 757 1340 altera,
778 1292 854 1344 quem
872 1276 899 1328 io
917 1276 975 1329 ullis
993 1275 1099 1329 ceribus
1115 1293 1205 1330 vernn
1221 1277 1337 1332 Tabula·

149 1382 206 1423 rum
233 1358 434 1426 reductionibui
453 1371 650 1427 inservientium
676 1373 862 1442 perfectionem
889 1372 969 1436 duco,
1005 1372 1140 1441 quonism,
1170 1372 1264 1425 hbore
1287 1389 1336 1425 nos

149 1471 243 1531 sueto,
267 1468 444 1521 reductionem
461 1464 612 1538 s'uppeditat
628 1484 676 1537 pro
694 1467 758 1538 ipris
776 1467 992 1521 Culrninutiounm
1008 1466 1153 1521 momentis.
1189 1467 1337 1538 Optudun

150 1567 207 1626 est,
232 1564 289 1617 foro
306 1571 336 1616 ιιι
352 1563 542 1633 Ephemerides
567 1562 594 1614 in
619 1570 753 1633 posterum
774 1581 877 1633 semper
901 1563 1009 1616 similem
1034 1562 1185 1616 contineant
1201 1563 1335 1616 Tabulam.

148 1653 236 1711 Primo
261 1658 386 1728 ejusmodi
410 1659 527 1713 Tubulus
550 1676 599 1729 pro
621 1659 726 1713 saeculo
748 1660 781 1712 eb
806 1677 873 1712 euno
899 1659 967 1711 1750
992 1677 1074 1728 usque
1096 1659 1130 1712 sd
1152 1674 1248 1713 snm
1272 1657 1336 1710 1850

149 1751 210 1807 huic
224 1754 297 1825 operi
314 1759 454 1809 annectere
471 1754 558 1809 mihi
550 1772 578 1807 ιιι
594 1755 679 1809 auimo
697 1760 764 1819 eret,
782 1756 837 1819 sed,
855 1773 889 1808 ne
905 1754 1065 1808 volumen'
1040 1753 1115 1809 mnis
1127 1762 1243 1885 crocet,
1259 1766 1336 1825 pras·

150 1850 213 1915 tuli,
238 1851 329 1904 annuis
346 1851 404 1904 illas
421 1850 639 1921 Ephemeridibns
655 1850 811 1921 relinquere

222 1948 282 2011 Quo
299 1945 401 1998 fecilior
417 1947 572 1998 redderetur
596 1962 659 1998 usus
684 1947 804 1999 Tabulae
821 1948 898 2013 Vlll,
926 1948 1127 2017 loparitllmos
1119 1964 1235 2019 ipsorum
1256 1963 1285 2013 a,
1311 1946 1336 2011 i,

151 2057 176 2105 c,
195 2042 226 2104 d,
257 2049 292 2103 α’,
318 2039 352 2102 l‘,
377 2049 409 2103 ε’,
435 2041 469 2103 d',
502 2047 530 2094 et
547 2040 570 2092 si
590 2040 661 2095 forte
684 2041 737 2093 cito
755 2042 901 2107 variamur,
932 2061 1031 2096 annues
1054 2062 1158 2115 quoque
1178 2043 1337 2098 variationes

150 2154 198 2210 pro
217 2135 267 2188 500
284 2134 366 2188 stellis
382 2135 474 2189 lucidis
492 2136 653 2205 computavit
667 2136 757 2190 Celeb.
770 2135 983 2193 Scinmaciesss
1001 2147 1090 2192 noster
1102 2142 1154 2208 ”);
1164 2139 1336 2203 ‚rrum

152 2230 233 2301 Bady
251 2231 355 2285 eosdem
372 2230 446 2284 dedit
462 2249 510 2302 pro
529 2249 596 2285 euno
618 2229 684 2284 1880
701 2249 749 2302 pro
767 2233 849 2285 stellis
865 2232 933 2285 2881
956 2235 1015 2302 m).
1059 2236 1195 2305 Ejusmodi
1211 2235 1336 2306 legeritis-

151 2347 206 2383 mos
225 2327 334 2380 hicnon
352 2326 446 2396 adjeci,
462 2327 580 2396 primunr,
599 2327 661 2396 quia
677 2327 736 2381 illos
753 2328 914 2397 possidemus
931 2347 980 2399 pro
998 2348 1104 2385 numero
1122 2332 1255 2386 stellarum
1272 2330 1337 2385 baud

152 2425 261 2492 exiguo,
284 2422 392 2486 deinde,
417 2422 478 2492 quia
494 2439 542 2492 pro
561 2422 648 2486 stelle,
672 2425 746 2491 cnjus
769 2424 841 2476 locus
867 2425 946 2478 semel
969 2432 1069 2480 tautum
1086 2434 1240 2498 usurpatur,
1269 2445 1337 2483 con·

153 2521 251 2574 enodius
270 2526 323 2583 est,
342 2518 543 2571 immutationem
559 2516 678 2571 Tabulae
695 2518 758 2570 Vlll
777 2520 947 2590 explicatam,
965 2523 1012 2574 hos
1027 2523 1196 2590 logerithmos
1210 2542 1262 2578 non
1277 2542 1337 2595 sup-

152 2623 288 2687 ponentem
302 2613 435 2677 adhlbere,
452 2622 594 2683 postremo,
614 2615 675 2683 quio
692 2615 768 2683 persi
785 2614 841 2666 illos
859 2617 1001 2670 calculandi
1019 2617 1118 2671 laboris
1135 2619 1186 2672 hoc
1204 2626 1246 2673 est
1262 2638 1338 2691 pras-

152 2712 243 2774 mium,
262 2716 303 2773 ut,
325 2708 348 2760 ri
365 2723 414 2777 pro
432 2706 489 2777 ipso
507 2708 710 2762 reducendorum
730 2710 941 2781 observationum
959 2718 1268 2788 temporelquseruntur,
1285 2734 1338 2771 ιιι·

149 2807 203 2876 jori
224 2805 357 2874 gaudeant
379 2802 559 2872 praecisione,
583 2822 660 2874 quem
684 2805 707 2857 si
729 2805 914 2874 depromuntur
935 2826 950 2858 e
975 2809 1112 2877 catologo,
1139 2811 1184 2880 qui
1207 2829 1257 2884 pro
1287 2813 1338 2868 alio

151 2912 268 2971 tempore
284 2900 342 2952 illos
359 2899 494 2968 praebent
539 2899 662 2955 Ceterum
679 2918 727 2972 pro
745 2901 826 2954 stellis
843 2901 1080 2957 fundamentalibus
1104 2905 1195 2960 luorum
1211 2908 1338 2978 lopsritlt-

152 3014 248 3049 normn
266 3003 338 3048 esset
354 2995 475 3064 frequens
492 3010 566 3059 usus,
596 2996 644 3049 sed
660 3014 708 3067 pro
726 2997 767 3051 lsis
784 2997 929 3067 peculiares
950 3005 1011 3051 sunt
1030 2999 1058 3057 in
1082 3000 1132 3054 hoc
1147 3002 1216 3056 libro
1233 3022 1338 3078 compo-

151 3093 219 3147 sitae
236 3090 371 3156 Tabulae,
395 3090 474 3160 longe
491 3091 691 3158 commodiorss;
715 3109 764 3163 pro
788 3092 956 3147 stellis'rero
974 3095 1003 3147 in
1025 3097 1130 3167 specula
1148 3099 1340 3155 Grenorieeul

151 3189 255 3259 saepius
275 3187 422 3242 observetis
439 3188 467 3241 in
484 3189 552 3242 lunc
568 3189 665 3266 linem,
683 3195 713 3242 ut
730 3206 804 3243 error
820 3191 881 3244 iude
898 3191 1079 3246 collimatiouis
1096 3193 1258 3257 Quedrsntis
1276 3215 1338 3252 con-

152 3285 312 3349 cluderetur,
328 3285 401 3356 lpsos
417 3283 488 3340 inira
504 3302 552 3355 pro
570 3285 670 3339 decimo
689 3303 792 3356 quoqne
809 3303 877 3341 anno
892 3289 1031 3358 proferam.

606 3530 788 3604 Tabula
832 3530 878 3604 X.

151 3677 366 3739 Adscensiolsss
390 3693 493 3743 rectos
515 3695 544 3744 st
559 3683 780 3745 Declinots’onss
798 3687 911 3747 medias
932 3699 962 3746 st
981 3699 1158 3770 apparentes
1179 3689 1341 3753 snum

151 3787 193 3849 36
211 3789 483 3862 fundamentaliter
511 3806 599 3875 atque
625 3816 646 3854 α
673 3807 703 3854 et
729 3793 749 3854 d
784 3796 883 3856 Ursas
911 3801 1047 3874 minoris,
1084 3801 1121 3859 od
1149 3822 1226 3862 anno
1256 3800 1341 3867 175⁰

446 3924 534 3985 usque
556 3907 598 3967 od
617 3926 723 3966 annum
746 3907 829 3971 1850
850 3920 1043 3989 computatas.

222 4082 406 4152 Pervulgetum
430 4091 487 4152 est,
513 4085 707 4160 Mosielyns'ese
731 4088 766 4142 36
791 4072 882 4144 stellas
906 4091 1052 4146 inerrantes
1076 4092 1201 4164 elegisse,
1231 4110 1341 4164 quarum

150 4177 209 4230 loco
234 4178 290 4232 solo
312 4179 449 4235 adhiberet
472 4182 505 4234 ed
537 4186 753 4255 comparationem
777 4204 835 4241 curn
863 4187 969 4259 reliquis
994 4188 1139 4254 sideribus,
1170 4206 1279 4263 eamque
1305 4190 1340 4244 ob

188 4324 393 4389 moderacior,
415 4335 601 4382 Astrononlschs
618 4338 784 4385 Nsehrlelrtsn.
816 4339 860 4388 Νι.
879 4343 911 4387 la

175 4392 207 4449 ”l
225 4401 408 4449 Astronomlsclre
425 4404 572 4452 liulfstafeln
589 4409 630 4453 fur
647 4409 704 4455 1822
739 4410 802 4455 llsin
803 4410 848 4455 lae.

163 4459 207 4518 ”')
224 4467 273 4512 Fra
274 4473 323 4517 nete
339 4473 419 4532 Belle,
451 4475 510 4521 Nes
528 4477 603 4523 rables
621 4479 658 4523 for
675 4479 815 4538 fmllltetmg
831 4479 872 4526 the
888 4482 1042 4540 conputstion
1062 4482 1089 4528 of
1102 4482 1270 4541 rnen-son,
1291 4480 1339 4527 Ab·

226 4542 330 4588 emtion
348 4543 395 4591 aad
412 4545 533 4594 llutstlon.
568 4547 679 4606 iaondlnl,
696 4550 756 4596 leti.
