2874 5084
271 499 323 551 Pro
341 498 410 551 adria
429 497 557 551 densitate
574 526 618 545 ==
637 497 666 561 1,
692 495 795 550 Tabula
811 503 971 550 conuertere
987 496 1164 551 Retractionis
1182 513 1314 552 nnmerum

687 612 705 640 α
722 621 767 640 =
783 590 891 657 57¹,538

199 691 321 762 supponit
1016 738 1039 765 ,Δ

269 786 320 838 His
344 785 437 855 positis
462 783 610 849 elementis,
640 784 777 837 Retractio
805 785 936 838 invenitur
965 802 981 837 e
1002 785 1131 839 solutione
1154 785 1337 856 problematis,
1368 804 1386 841 a

198 877 334 950 &amplo
351 879 528 949 ethopoeia
545 880 649 951 prolati.
690 878 794 934 Tabula
811 898 863 933 non
879 880 956 934 medo
973 880 1150 934 Retractioais
1168 881 1283 936 valorem
1300 883 1385 938 eonti-

199 985 243 1030 net
259 995 308 1049 pro
326 976 342 1030 l
359 1006 404 1026 ==
420 976 482 1041 29,6
499 983 528 1028 et
545 998 562 1031 τ
578 1004 624 1026 ι--ι
640 984 665 1031 τ’
682 1006 727 1026 ==
744 976 802 1042 50⁰,
832 977 879 1030 sed
897 978 975 1031 etiam
993 975 1166 1057 sedationes,
1190 995 1257 1048 quea
1274 978 1320 1034 illa
1336 997 1384 1051 pa·

198 1073 279 1137 titur,
301 1072 324 1125 si
342 1071 372 1139 l,
390 1095 422 1137 τ,
446 1080 471 1127 τ’
489 1072 553 1125 alios
571 1071 753 1125 nendscnntur
769 1074 880 1127 salmes
933 1074 988 1129 Sed
1009 1074 1059 1127 hae
1082 1072 1242 1128 variationes
1265 1062 1384 1131 theoriae

199 1170 383 1222 convenienter
400 1176 565 1238 computatae
583 1177 657 1233 sunt,
673 1185 771 1237 neque,
788 1170 861 1221 utin
878 1169 1010 1240 prioribus
1027 1169 1137 1223 Tabulis
1155 1169 1317 1240 suppositum
1334 1180 1385 1236 est,

198 1272 280 1317 totam
298 1264 490 1318 Retractionem
509 1264 632 1345 densitati
652 1265 720 1318 aeris
743 1265 770 1318 in
787 1265 844 1318 loeo
862 1266 1053 1318 observationis
1079 1283 1138 1319 esse
1155 1266 1383 1336 proportionalem.

199 1360 260 1424 Quo
278 1361 440 1415 accuratiore
458 1361 556 1414 cuculo
574 1360 684 1413 effectus
701 1361 846 1413 Barornotri
864 1368 892 1415 et
906 1361 1096 1415 Therrnometrl
1113 1361 1249 1415 consensio
1263 1363 1384 1418 Tabulae

199 1474 257 1510 cum
275 1456 501 1510 obsemtionibus
519 1457 594 1513 valde
612 1464 691 1511 auctt
707 1464 756 1510 est
792 1455 880 1510 Etiam
893 1456 946 1521 illi,
964 1457 1009 1526 qui
1027 1456 1111 1509 serius
1129 1457 1195 1510 hane
1213 1474 1267 1512 rem
1282 1466 1384 1514 neee-

199 1561 308 1618 verunt‚
332 1553 475 1624 exemplum
492 1536 612 1607 ‘ritune
629 1571 702 1606 rneae
726 1552 803 1624 plane
827 1552 911 1605 secuti
933 1558 994 1606 sunt
1010 1552 1068 1621 plus
1085 1552 1210 1607 minusve.
1255 1554 1384 1610 'l'hermo-

198 1654 322 1713 metrum,
347 1650 420 1702 scula
436 1648 656 1702 Fehrenhsitiana
672 1649 840 1714 instnrctum,
864 1666 915 1718 quo
933 1647 1077 1716 Braneus
1094 1651 1218 1703 utebatur
1235 1651 1270 1705 ed
1286 1670 1385 1727 cow-

199 1745 321 1799 scendam
347 1746 415 1800 atris
439 1750 654 1816 temperaturam,
678 1761 756 1815 quum
780 1753 852 1798 esset
875 1744 1165 1798 menseOctob.1750
1187 1746 1214 1799 in
1234 1747 1319 1802 nivem
1335 1749 1384 1803 irn-

198 1857 324 1906 mersum,
348 1846 470 1911 punctum
488 1840 626 1910 gelationis
644 1840 736 1894 habuit
751 1841 779 1893 in
796 1840 855 1906 330,
871 1840 922 1906 2⁵,
940 1840 1008 1893 unde
1023 1830 1165 1911 supposui,
1190 1845 1311 1913 qwniem
1327 1847 1385 1899 anl-

198 1936 317 1989 ficientes
335 1945 425 1989 carent
442 1937 476 1988 de
493 1937 542 1988 lroc
558 1935 729 1988 instrumento
746 1936 977 2005 investigationes,
1009 1955 1097 1990 omnes
1113 1943 1303 2009 temperaturas
1319 1941 1384 1996 illud

197 2031 328 2084 indicasse
347 2028 419 2097 1⁰35
437 2048 517 2100 supra
533 2047 625 2094 veras,
650 2047 713 2098 ergo
733 2031 863 2085 Tabulam
885 2032 973 2085 valere
995 2049 1043 2102 pro
1063 2032 1156 2097 480‚75
1181 2035 1238 2089 veri
1255 2036 1384 2092 Thermo·
1422 2044 1425 2049 '

198 2127 275 2179 metri
292 2126 511 2181 Fahrenleitieni.
546 2126 716 2179 Retractione
732 2126 809 2195 hujus
827 2127 948 2181 Tabulae
965 2127 1113 2197 significata
1128 2146 1177 2199 per
1194 2129 1247 2196 δθ,
1264 2150 1340 2203 quum
1356 2133 1383 2186 A

199 2228 227 2275 et
245 2222 261 2277 l
280 2223 379 2276 numeri
396 2223 461 2288 sint,
479 2224 523 2292 qui
541 2222 568 2274 in
578 2222 683 2275 Tabula
700 2238 748 2293 pro
766 2240 920 2293 unaquaque
935 2223 1059 2277 distantia
1074 2224 1196 2279 zenitlsali
1208 2227 1383 2296 inveniantur,

197 2318 317 2383 foranu,
334 2337 386 2389 qua
403 2337 468 2372 rere
485 2318 677 2390 computabitur
693 2318 828 2375 Refremie
846 2337 895 2391 pro
911 2320 1057 2374 Beronetri
1073 2322 1209 2377 altitudine
1227 2322 1252 2389 t,
1275 2342 1323 2395 pro
1340 2327 1382 2380 in-

197 2413 369 2468 dicaticnibne
386 2414 520 2469 interioris
538 2422 567 2468 et
584 2413 722 2468 exterioris
739 2414 931 2469 Thermemetri
941 2416 978 2489 f'
996 2416 1071 2489 ets,
1095 2417 1161 2471 erit:

562 2511 576 2563 t

267 2554 307 2611 aa
341 2582 791 2672 mmmm
830 2507 1382 2630 ‘¹214ff-ss‚75)o‚oosossss1·²

266 2713 563 2767 muraenulam
582 2720 718 2783 postquam
736 2710 868 2765 circulum
892 2710 1060 2765 meridianum
1082 2710 1329 2770 aRenleatectto
1353 2724 1382 2772 et

105 2787 111 2799 ’
194 2807 308 2864 Ertells'o
326 2809 487 2873 conlectum,
513 2826 564 2878 quo
588 2815 642 2861 tum
665 2806 772 2878 specula
782 2806 994 2874 ‚Beglomontena
1014 2807 1144 2861 instructa
1166 2816 1239 2875 erat,
1260 2811 1299 2866 ita
1316 2830 1381 2885 eng

194 2904 369 2970 minuerem,
385 2911 416 2958 nt
433 2904 659 2957 observationibus
676 2904 725 2956 hoc
742 2902 913 2955 instrumento
931 2902 1056 2956 institutis
1074 2904 1184 2973 exiguas
1206 2906 1266 2960 illes
1282 2907 1381 2963 addere

194 2978 309 3071 possem*
325 2996 516 3065 correctiones,
543 3017 612 3070 quae
636 3017 653 3052 a
675 2998 787 3052 flexione
810 2998 974 3055 immenti
997 3005 1026 3052 et
1049 3018 1066 3054 a
1088 3001 1224 3055 divisionis
1247 3004 1381 3060 erron'bus
1426 2978 1432 2991 ἱ

103 3084 105 3091 ’
195 3098 339 3164 orirentur,
363 3115 493 3168 quumque
509 3096 705 3150 instrumentum
722 3095 762 3148 ite
778 3094 951 3148 examinatum
972 3096 1130 3150 certissimas
1148 3098 1315 3167 polliceretur
1331 3103 1381 3155 ob-

194 3192 373 3260 servationes,
397 3193 517 3248 methodo
539 3192 648 3263 insuper
671 3190 788 3245 adhibita
805 3191 1027 3246 Thermemetrum
1051 3193 1129 3265 plene
1152 3195 1317 3265 corrigendi,
1344 3199 1381 3253 ad

194 3304 286 3345 novam
303 3289 478 3345 Relractionis
495 3289 625 3344 Tabulam
650 3286 809 3342 condendam
825 3287 1022 3341 obeerretiones
1043 3289 1223 3359 pervestigari
1246 3292 1381 3350 stellarum

194 3386 228 3439 58
253 3387 490 3458 eircumpclarium‚
513 3404 581 3456 quae
605 3403 622 3439 a
644 3385 721 3438 stella
746 3408 764 3440 α
784 3383 870 3436 Ursae
887 3381 999 3436 minoris
1021 3385 1158 3439 culminant
1182 3404 1265 3458 usqne
1288 3390 1323 3444 ad
1338 3390 1381 3445 di·

194 3482 317 3535 stantiam
334 3482 487 3536 zenithalem
503 3482 553 3535 86⁰
565 3481 616 3535 27¹.
665 3480 752 3544 Quum
769 3479 946 3537 Retractirmis
968 3479 1139 3548 variationes,
1169 3490 1380 3555 rumpatur·

195 3578 341 3648 protectas,
373 3595 407 3630 ex
425 3577 652 3632 observationibus
674 3574 709 3626 56
732 3574 878 3640 stellarum,
908 3592 1016 3645 quarum
1033 3563 1158 3633 ffistentie
1174 3580 1312 3634 aenithelis
1328 3580 1380 3634 60⁹

194 3672 405 3739 treruoenderet,
436 3673 607 3727 determinare
633 3687 738 3741 operam
764 3670 910 3737 dedissem,
939 3672 1041 3737 invem,
1076 3673 1229 3727 densitatem
1254 3676 1325 3731 atris
1349 3677 1379 3735 in

194 3774 370 3841 temperatura
386 3785 406 3820 x
423 3786 471 3841 pro
488 3771 561 3825 scale
578 3765 738 3824 eeuoeeimali
755 3766 947 3821 Thermometrl
964 3769 1111 3823 sumendam
1130 3786 1189 3826 esse

795 3862 809 3914 l

615 3938 661 3961 ²
673 3936 934 4017 W

194 4052 225 4103 ut
242 4046 438 4101 observationes
455 4061 532 4116 quem
548 4049 744 4103 accuratissime
759 4050 1025 4118 repraesentarentur.
1066 4046 1144 4101 Hune
1164 4048 1269 4121 quidem
1285 4050 1379 4105 ooeffi-

195 4144 304 4198 cientem
322 4142 378 4195 Cel.
396 4139 585 4215 Gay-lumea
601 4144 702 4199 invenlt
717 4173 762 4196 ε.-
773 4141 904 4211 0,00875‚
931 4142 978 4196 sed
995 4159 1074 4212 quum
1089 4144 1133 4199 hic
1149 4160 1198 4218 pro
1214 4149 1278 4200 atre
1294 4147 1378 4214 sicco,

195 4243 269 4309 eujus
286 4241 397 4310 majores
414 4241 471 4294 lere
488 4249 548 4295 eunt
565 4246 685 4310 respectu
702 4239 878 4294 Restaedorus
896 4238 1065 4306 mendenen,
1088 4258 1164 4312 quam
1182 4241 1251 4295 atris
1268 4242 1377 4298 humore

194 4336 300 4403 satuti,
323 4353 443 4392 uumerus
460 4336 579 4390 inventus
596 4352 614 4389 a
629 4353 670 4389 me
693 4335 898 4397 medicauidam
919 4337 1034 4391 humoris
1055 4336 1137 4390 statui
1158 4337 1315 4408 respondet,
1336 4339 1379 4393 ita

195 4437 226 4486 ut
247 4434 334 4503 posito
359 4434 408 4487 hoc
432 4437 519 4497 statu,
549 4431 592 4485 hic
616 4420 740 4488 eum'illo
757 4432 904 4487 consentiet
919 4450 1046 4489 numerus.
1090 4432 1174 4497 Quam
1197 4434 1232 4486 cb
1258 4452 1379 4491 causum

194 4524 233 4580 illi
249 4545 355 4584 numero
371 4544 504 4584 unmemn
521 4528 654 4599 praeferre
670 4545 723 4583 non
739 4529 858 4586 dubitavi
874 4547 966 4587 meam·
1018 4531 1100 4585 Porro
1118 4530 1168 4585 bac
1184 4530 1272 4601 posita
1288 4531 1381 4587 deter-
